<record>
  <datafield ind1="" ind2="" tag="245">
    <subfield code="a">High-efficient solid-state perovskite solar cell without lithium salt in the hole transport material</subfield>
  </datafield>
  <datafield ind1="1" ind2="7" tag="650">
    <subfield code="2">World Scientific</subfield>
    <subfield code="a">Perovskite CH 3 NH 3 PbI 3</subfield>
  </datafield>
  <datafield ind1="1" ind2="7" tag="650">
    <subfield code="2">World Scientific</subfield>
    <subfield code="a">solar cell</subfield>
  </datafield>
  <datafield ind1="1" ind2="7" tag="650">
    <subfield code="2">World Scientific</subfield>
    <subfield code="a">lithium</subfield>
  </datafield>
  <datafield ind1="1" ind2="" tag="653">
    <subfield code="a">Perovskite CH 3 NH 3 PbI 3</subfield>
    <subfield code="9">author</subfield>
  </datafield>
  <datafield ind1="1" ind2="" tag="653">
    <subfield code="a">solar cell</subfield>
    <subfield code="9">author</subfield>
  </datafield>
  <datafield ind1="1" ind2="" tag="653">
    <subfield code="a">lithium</subfield>
    <subfield code="9">author</subfield>
  </datafield>
  <datafield ind1="" ind2="" tag="260">
    <subfield code="c">2014-06-05</subfield>
    <subfield code="t">published</subfield>
  </datafield>
  <datafield ind1="7" ind2="" tag="024">
    <subfield code="a">10.1142/S1793292014400013</subfield>
    <subfield code="2">DOI</subfield>
  </datafield>
  <datafield ind1="" ind2="" tag="520">
    <subfield code="a"><p><roman>CH</roman><sub>3</sub><roman>NH</roman><sub>3</sub><roman>PbX</roman>(<roman>X</roman> = <roman>Br</roman>, <roman>I</roman>, <roman>Cl</roman>) perovskites have recently been used as light absorbers in hybrid organic-inorganic solid-state solar cells, with efficiencies above 15%. To date, it is essential to add Lithium bis(Trifluoromethanesulfonyl)Imide (<roman>LiTFSI</roman>) to the hole transport materials (HTM) to get a higher conductivity. However, the detrimental effect of high <roman>LiTFSI</roman> concentration on the charge transport, DOS in the conduction band of the <roman>TiO</roman><sub>2</sub> substrate and device stability results in an overall compromise for a satisfactory device. Using a higher mobility hole conductor to avoid lithium salt is an interesting alternative. Herein, we successfully made an efficient perovskite solar cell by applying a hole conductor PTAA (Poly[bis(4-phenyl) (2,4,6-trimethylphenyl)-amine]) in the absence of <roman>LiTFSI</roman>. Under AM 1.5 illumination of 100 mW/cm<sup>2</sup>, an efficiency of 10.9% was achieved, which is comparable to the efficiency of 12.3% with the addition of 1.3 mM <roman>LiTFSI</roman>. An unsealed device without <roman>Li</roman><sup>+</sup> shows interestingly a promising stability.</p></subfield>
    <subfield code="9">World Scientific</subfield>
  </datafield>
  <datafield ind1="" ind2="" tag="300">
    <subfield code="a">7</subfield>
  </datafield>
  <datafield ind1="" ind2="" tag="542">
    <subfield code="d">World Scientific Publishing Company</subfield>
    <subfield code="g">2014</subfield>
    <subfield code="e">Article</subfield>
  </datafield>
  <datafield ind1="" ind2="" tag="773">
    <subfield code="p">NANO</subfield>
    <subfield code="n">05</subfield>
    <subfield code="v">9</subfield>
    <subfield code="c">1440001</subfield>
    <subfield code="y">2014</subfield>
    <subfield code="m">Erratum</subfield>
  </datafield>
  <datafield ind1="" ind2="" tag="980">
    <subfield code="a">HEP</subfield>
  </datafield>
  <datafield ind1="" ind2="" tag="980">
    <subfield code="a">Published</subfield>
  </datafield>
  <datafield ind1="" ind2="" tag="100">
    <subfield code="a">Bi, Dongqin</subfield>
    <subfield code="v">Department of Chemistry-Angstrom Laboratory, Uppsala University, Box 532, SE 751 20 Uppsala, Sweden</subfield>
  </datafield>
  <datafield ind1="" ind2="" tag="700">
    <subfield code="a">Boschloo, Gerrit</subfield>
    <subfield code="v">Department of Chemistry-Angstrom Laboratory, Uppsala University, Box 532, SE 751 20 Uppsala, Sweden</subfield>
  </datafield>
  <datafield ind1="" ind2="" tag="700">
    <subfield code="a">Hagfeldt, Anders</subfield>
    <subfield code="v">Department of Chemistry-Angstrom Laboratory, Uppsala University, Box 532, SE 751 20 Uppsala, Sweden</subfield>
    <subfield code="v">School of Chemical Engineering, Sungkyunkwan University, Suwon 440-746, Korea</subfield>
    <subfield code="m">anders.hagfeldt@kemi.uu.se</subfield>
  </datafield>
</record>
